<record><leader>00000cas a2200000 i 4500</leader><controlfield tag="001">892967278</controlfield><controlfield tag="006">m     o  d        </controlfield><controlfield tag="007">cr |||||||||||</controlfield><controlfield tag="008">141015d18821897miuwr neo     0   a0eng  </controlfield><datafield ind1=" " ind2=" " tag="010"><subfield code="a">  2014218638</subfield></datafield><datafield ind1=" " ind2=" " tag="040"><subfield code="a">DLC</subfield><subfield code="b">eng</subfield><subfield code="e">rda</subfield><subfield code="c">DLC</subfield><subfield code="d">DLC</subfield></datafield><datafield ind1="0" ind2=" " tag="022"><subfield code="a">2375-429X</subfield><subfield code="2">1</subfield></datafield><datafield ind1=" " ind2=" " tag="042"><subfield code="a">pcc</subfield><subfield code="a">nsdp</subfield></datafield><datafield ind1=" " ind2=" " tag="043"><subfield code="a">n-us-mi</subfield></datafield><datafield ind1="1" ind2="0" tag="050"><subfield code="a">ISSN RECORD</subfield></datafield><datafield ind1="0" ind2="0" tag="082"><subfield code="a">071</subfield><subfield code="2">23</subfield></datafield><datafield ind1="0" ind2=" " tag="130"><subfield code="a">Times (Owosso, Mich.)</subfield></datafield><datafield ind1=" " ind2="4" tag="222"><subfield code="a">The times</subfield><subfield code="b">(Owosso, Mich. Online)</subfield></datafield><datafield ind1="1" ind2="4" tag="245"><subfield code="a">The times.</subfield></datafield><datafield ind1=" " ind2="1" tag="264"><subfield code="a">Owosso, Mich. :</subfield><subfield code="b">E. O. Dewey,</subfield><subfield code="c">1882-1897.</subfield></datafield><datafield ind1=" " ind2=" " tag="300"><subfield code="a">1 online resource</subfield></datafield><datafield ind1=" " ind2=" " tag="310"><subfield code="a">Weekly</subfield></datafield><datafield ind1=" " ind2=" " tag="336"><subfield code="a">text</subfield><subfield code="b">txt</subfield><subfield code="2">rdacontent</subfield></datafield><datafield ind1=" " ind2=" " tag="337"><subfield code="a">computer</subfield><subfield code="b">c</subfield><subfield code="2">rdamedia</subfield></datafield><datafield ind1=" " ind2=" " tag="338"><subfield code="a">online resource</subfield><subfield code="b">cr</subfield><subfield code="2">rdacarrier</subfield></datafield><datafield ind1="1" ind2=" " tag="362"><subfield code="a">Began with new series, vol. 1, no. 1, whole no. 149  (March 31, 1882); ceased with vol. XVIII, no. 49, whole no. 865 (Feb. 19, 1897).</subfield></datafield><datafield ind1=" " ind2=" " tag="588"><subfield code="a">Description based on: New series, vol. 1, no. 1, whole no. 149  (March 31, 1882); title from masthead (Chroniclingamerica.loc.gov, viewed October 15, 2014).</subfield></datafield><datafield ind1=" " ind2=" " tag="588"><subfield code="a">Latest issue consulted: Vol. XVIII, no. 49, whole no. 865 (Feb. 19, 1897) (Chroniclingamerica.loc.gov, viewed October 15, 2014).</subfield></datafield><datafield ind1=" " ind2="0" tag="651"><subfield code="a">Owosso (Mich.)</subfield><subfield code="v">Newspapers.</subfield></datafield><datafield ind1=" " ind2="0" tag="651"><subfield code="a">Shiawassee County (Mich.)</subfield><subfield code="v">Newspapers.</subfield></datafield><datafield ind1=" " ind2="7" tag="651"><subfield code="a">Michigan</subfield><subfield code="z">Owosso.</subfield><subfield code="2">fast</subfield><subfield code="0">(OCoLC)fst01231829</subfield></datafield><datafield ind1=" " ind2="7" tag="651"><subfield code="a">Michigan</subfield><subfield code="z">Shiawassee County.</subfield><subfield code="2">fast</subfield><subfield code="0">(OCoLC)fst01214752</subfield></datafield><datafield ind1=" " ind2="7" tag="655"><subfield code="a">Newspapers.</subfield><subfield code="2">fast</subfield><subfield code="0">(OCoLC)fst01423814</subfield></datafield><datafield ind1=" " ind2=" " tag="752"><subfield code="a">United States</subfield><subfield code="b">Michigan</subfield><subfield code="c">Shiawassee</subfield><subfield code="d">Owosso.</subfield></datafield><datafield ind1="0" ind2="8" tag="776"><subfield code="i">Originally issued in print:</subfield><subfield code="t">Times (Owosso, Mich.)</subfield><subfield code="x">2375-4281</subfield><subfield code="w">(DLC)sn 96077385</subfield><subfield code="w">(OCoLC)36114687</subfield></datafield><datafield ind1="0" ind2="0" tag="780"><subfield code="t">Owosso times</subfield><subfield code="x">2375-4265</subfield><subfield code="w">(DLC)  2014218637</subfield><subfield code="w">(OCoLC)892965902</subfield></datafield><datafield ind1="0" ind2="0" tag="785"><subfield code="t">Owosso times (1897)</subfield><subfield code="x">2375-432X</subfield><subfield code="w">(DLC)  2014218639</subfield><subfield code="w">(OCoLC)892968748</subfield></datafield><datafield ind1="4" ind2="0" tag="856"><subfield code="u">http://www.loc.gov/chroniclingamerica/lccn/sn96077385/issues</subfield></datafield></record>